@inproceedings{RU15,
  title={Mining frequent itemsets through progressive sampling with Rademacher averages},
  author={Riondato, Matteo and Upfal, Eli},
  booktitle={Proceedings of the 21th ACM SIGKDD International Conference on Knowledge Discovery and Data Mining},
  pages={1005--1014},
  year={2015},
  organization={ACM}
}

@incollection{BBL04,
  title={Introduction to statistical learning theory},
  author={Bousquet, Olivier and Boucheron, St{\'e}phane and Lugosi, G{\'a}bor},
  booktitle={Advanced lectures on machine learning},
  pages={169--207},
  year={2004},
  publisher={Springer}
}

@article{BBL05,
  title={Theory of classification: A survey of some recent advances},
  author={Boucheron, St{\'e}phane and Bousquet, Olivier and Lugosi, G{\'a}bor},
  journal={ESAIM: probability and statistics},
  volume={9},
  pages={323--375},
  year={2005},
  publisher={EDP Sciences}
}

@inproceedings{Mas00,
  title={Some applications of concentration inequalities to statistics},
  author={Massart, Pascal},
  booktitle={Annales de la Facult{\'e} des sciences de Toulouse: Math{\'e}matiques},
  volume={9},
  pages={245--303},
  year={2000}
}

@article{RU16,
  title={ABRA: Approximating betweenness centrality in static and dynamic graphs with Rademacher averages},
  author={Riondato, Matteo and Upfal, Eli},
  journal={arXiv preprint arXiv:1602.05866},
  year={2016}
}

@article{H63,
  title={Probability inequalities for sums of bounded random variables},
  author={Hoeffding, Wassily},
  journal={Journal of the American statistical association},
  volume={58},
  number={301},
  pages={13--30},
  year={1963},
  publisher={Taylor \& Francis Group}
}

@inproceedings{AIS93,
  title={Mining association rules between sets of items in large databases},
  author={Agrawal, Rakesh and Imieli{\'n}ski, Tomasz and Swami, Arun},
  booktitle={Acm sigmod record},
  volume={22},
  pages={207--216},
  year={1993},
  organization={ACM}
}

@article{HCX07,
  title={Frequent pattern mining: current status and future directions},
  author={Han, Jiawei and Cheng, Hong and Xin, Dong and Yan, Xifeng},
  journal={Data Mining and Knowledge Discovery},
  volume={15},
  number={1},
  pages={55--86},
  year={2007},
  publisher={Springer}
}

@book{Vap98,
  title={Statistical learning theory},
  author={Vapnik, Vladimir},
  volume={1},
  year={1998},
  publisher={Wiley New York}
}

@book{Vap13,
  title={The nature of statistical learning theory},
  author={Vapnik, Vladimir},
  year={2013},
  publisher={Springer Science \& Business Media}
}
